<?xml version="1.0" encoding="UTF-8"?><collection xmlns="http://www.loc.gov/MARC21/slim"><record><leader>00412nam--2200145-i-4500</leader><controlfield tag="001">000001518</controlfield><controlfield tag="002">20161230</controlfield><controlfield tag="005">20161230201024</controlfield><controlfield tag="008">060222s1000------------r-----000-0-eng-d</controlfield><datafield ind1=" " ind2=" " tag="080"><subfield code="a">515.122:517.987.1</subfield></datafield><datafield ind1=" " ind2=" " tag="100"><subfield code="a">Fremlin, D.H</subfield></datafield><datafield ind1=" " ind2=" " tag="245"><subfield code="a">Topological riesz spaces and measure theory</subfield></datafield><datafield ind1=" " ind2=" " tag="260"><subfield code="a">Cambridge, Cambridge University Press, 1974. Xiv + 266p</subfield></datafield><datafield ind1=" " ind2=" " tag="852"><subfield code="a">70310</subfield><subfield code="c">513.83</subfield></datafield><datafield ind1=" " ind2=" " tag="CAT"><subfield code="a">Sys</subfield><subfield code="c">20080609</subfield><subfield code="h">110105</subfield></datafield></record></collection>